<record><leader>00000cas a22000007a 4500</leader><controlfield tag="001">19232408</controlfield><controlfield tag="008">890217u1927uuuumduwr ne      0    0eng d</controlfield><datafield ind1=" " ind2=" " tag="010"><subfield code="a">sn 88065743 </subfield></datafield><datafield ind1=" " ind2=" " tag="040"><subfield code="a">MFN</subfield><subfield code="b">eng</subfield><subfield code="c">MFN</subfield><subfield code="d">OCLCQ</subfield></datafield><datafield ind1=" " ind2=" " tag="042"><subfield code="a">msc</subfield></datafield><datafield ind1=" " ind2="4" tag="050"><subfield code="a">AN41.64</subfield><subfield code="b">.M3</subfield></datafield><datafield ind1="0" ind2=" " tag="130"><subfield code="a">Maryland news (Montgomery County, Md.)</subfield></datafield><datafield ind1="1" ind2="4" tag="245"><subfield code="a">The Maryland news.</subfield></datafield><datafield ind1="1" ind2="3" tag="246"><subfield code="a">Maryland news and monitor</subfield></datafield><datafield ind1=" " ind2=" " tag="260"><subfield code="a">Montgomery Co., Md. :</subfield><subfield code="b">Maryland Pub. Co.</subfield></datafield><datafield ind1=" " ind2=" " tag="300"><subfield code="a">v.</subfield></datafield><datafield ind1=" " ind2=" " tag="310"><subfield code="a">Weekly,</subfield><subfield code="b">Dec. 21, 1934-</subfield></datafield><datafield ind1=" " ind2=" " tag="321"><subfield code="a">Weekly,</subfield><subfield code="b">1927-Nov. 1929</subfield></datafield><datafield ind1=" " ind2=" " tag="321"><subfield code="a">Semiweekly,</subfield><subfield code="b">Dec. 1929-Dec. 14, 1934</subfield></datafield><datafield ind1="0" ind2=" " tag="362"><subfield code="a">Vol. 1, no. 1 (Aug. 25, 1927)-</subfield></datafield><datafield ind1=" " ind2=" " tag="752"><subfield code="a">United States</subfield><subfield code="b">Maryland</subfield><subfield code="c">Montgomery</subfield><subfield code="d">Chevy Chase.</subfield></datafield><datafield ind1=" " ind2=" " tag="752"><subfield code="a">United States</subfield><subfield code="b">Maryland</subfield><subfield code="c">Prince George's</subfield><subfield code="d">Takoma Park.</subfield></datafield><datafield ind1=" " ind2=" " tag="752"><subfield code="a">United States</subfield><subfield code="b">Maryland</subfield><subfield code="c">Montgomery</subfield><subfield code="d">Takoma Park.</subfield></datafield><datafield ind1=" " ind2=" " tag="752"><subfield code="a">United States</subfield><subfield code="b">Maryland</subfield><subfield code="c">Montgomery</subfield><subfield code="d">Silver Spring.</subfield></datafield><datafield ind1=" " ind2=" " tag="752"><subfield code="a">United States</subfield><subfield code="b">Maryland</subfield><subfield code="c">Montgomery</subfield><subfield code="d">Kensington.</subfield></datafield><datafield ind1="0" ind2="4" tag="780"><subfield code="t">Chevy Chase gazette</subfield></datafield><datafield ind1="0" ind2="4" tag="780"><subfield code="t">Takoma news</subfield><subfield code="w">(DLC)sn 90057107</subfield></datafield><datafield ind1="0" ind2="5" tag="780"><subfield code="t">Montgomery news-advocate</subfield></datafield><datafield ind1="0" ind2="5" tag="780"><subfield code="t">Kensington citizen</subfield><subfield code="w">(DLC)sn 90057090</subfield></datafield><datafield ind1="0" ind2="5" tag="780"><subfield code="t">Silver Spring post</subfield><subfield code="w">(DLC)sn 89060134</subfield></datafield><datafield ind1="1" ind2=" " tag="029"><subfield code="a">AU@</subfield><subfield code="b">000025827182</subfield></datafield></record>